@article{George1993,
  title={Variable selection via Gibbs sampling},
  author={George, Edward I. and McCulloch, Robert E.},
  journal={Journal of the American Statistical Association},
  pages={881--889},
  year={1993},
  publisher={JSOR}
}
@article{George1997,
 ISSN = {10170405, 19968507},
 URL = {http://www.jstor.org/stable/24306083},
 author = {Edward I. George and Robert E. McCulloch},
 journal = {Statistica Sinica},
 number = {2},
 pages = {339--373},
 publisher = {Institute of Statistical Science, Academia Sinica},
 title = {APPROACHES FOR BAYESIAN VARIABLE SELECTION},
 volume = {7},
 year = {1997}
}
